@article {GV61,
    AUTHOR = {Golub, Gene H. and Varga, Richard S.},
     TITLE = {Chebyshev semi-iterative methods, successive over-relaxation
              iterative methods, and second order {R}ichardson iterative
              methods. {II}},
   JOURNAL = {Numer. Math.},
  FJOURNAL = {Numerische Mathematik},
    VOLUME = {3},
      YEAR = {1961},
     PAGES = {157--168},
      ISSN = {0029-599X},
   MRCLASS = {65.35},
  MRNUMBER = {145679},
MRREVIEWER = {J. R. Cannon},
       DOI = {10.1007/BF01386014},
       URL = {https://doi.org/10.1007/BF01386014},
}

@article {Young72,
    AUTHOR = {Young, David M.},
     TITLE = {Second-degree iterative methods for the solution of large
              linear systems},
   JOURNAL = {J. Approximation Theory},
  FJOURNAL = {Journal of Approximation Theory},
    VOLUME = {5},
      YEAR = {1972},
     PAGES = {137--148},
      ISSN = {0021-9045},
   MRCLASS = {65F10},
  MRNUMBER = {343563},
MRREVIEWER = {T. A. Porsching},
       DOI = {10.1016/0021-9045(72)90036-6},
       URL = {https://doi.org/10.1016/0021-9045(72)90036-6},
}

@incollection {BM87,
    AUTHOR = {Briggs, W. and McCormick, S.},
     TITLE = {Introduction},
 BOOKTITLE = {Multigrid methods},
    SERIES = {Frontiers Appl. Math.},
    VOLUME = {3},
     PAGES = {1--30},
 PUBLISHER = {SIAM, Philadelphia, PA},
      YEAR = {1987},
   MRCLASS = {65-02},
  MRNUMBER = {972753},
}

@book {Saad,
    AUTHOR = {Saad, Yousef},
     TITLE = {Iterative methods for sparse linear systems},
   EDITION = {Second},
 PUBLISHER = {Society for Industrial and Applied Mathematics, Philadelphia,
              PA},
      YEAR = {2003},
     PAGES = {xviii+528},
      ISBN = {0-89871-534-2},
   MRCLASS = {65-01 (65F10 65F50)},
  MRNUMBER = {1990645},
MRREVIEWER = {Arnold Reusken},
       DOI = {10.1137/1.9780898718003},
       URL = {https://doi.org/10.1137/1.9780898718003},
}